


%EE context publictions

@ARTICLE{Brueckner1983,
   author = {{Brueckner}, G.~E. and {Bartoe}, J.-D.~F.},
    title = "{Observations of high-energy jets in the corona above the quiet sun, the heating of the corona, and the acceleration of the solar wind}",
  journal = {\apj},
 keywords = {Coronal Loops, Plasma Acceleration, Plasma Heating, Solar Wind Velocity, Magnetic Flux, Magnetohydrodynamic Turbulence, Plasma Clouds, Shock Heating, Solar Magnetic Field, Solar Spectra, Turbulent Jets, Ultraviolet Spectra},
     year = 1983,
    month = sep,
   volume = 272,
    pages = {329-348},
      doi = {10.1086/161297},
   adsurl = {http://adsabs.harvard.edu/abs/1983ApJ...272..329B},
  adsnote = {Provided by the SAO/NASA Astrophysics Data System}
}


@ARTICLE{Dere1989,
   author = {{Dere}, K.~P. and {Bartoe}, J.-D.~F. and {Brueckner}, G.~E.},
    title = "{Explosive events in the solar transition zone}",
  journal = {\solphys},
 keywords = {Helioseismology, Solar Activity, Solar Atmosphere, Solar Spectra, Carbon, Magnetohydrodynamic Turbulence, Raster Scanning, Rocket Sounding, Solar Wind, Ultraviolet Radiation},
     year = 1989,
    month = mar,
   volume = 123,
    pages = {41-68},
      doi = {10.1007/BF00150011},
   adsurl = {http://adsabs.harvard.edu/abs/1989SoPh..123...41D},
  adsnote = {Provided by the SAO/NASA Astrophysics Data System}
}

@ARTICLE{Dere1991,
   author = {{Dere}, K.~P. and {Bartoe}, J.-D.~F. and {Brueckner}, G.~E. and 
	{Ewing}, J. and {Lund}, P.},
    title = "{Explosive events and magnetic reconnection in the solar atmosphere}",
  journal = {\jgr},
 keywords = {Magnetic Field Reconnection, Solar Activity, Solar Atmosphere, Solar Magnetic Field, Doppler Effect, Line Spectra, Magnetic Flux, Magnetohydrodynamic Waves, Solar Spectra},
     year = 1991,
    month = jun,
   volume = 96,
    pages = {9399-9407},
      doi = {10.1029/90JA02572},
   adsurl = {http://adsabs.harvard.edu/abs/1991JGR....96.9399D},
  adsnote = {Provided by the SAO/NASA Astrophysics Data System}
}

@PHDTHESIS{Fox2011,
   author = {{Fox}, J.~L.},
    title = "{Snapshot imaging spectroscopy of the solar transition region: The Multi-Order Solar EUV Spectrograph (MOSES) sounding rocket mission}",
 keywords = {Explosive events, Extreme ultraviolet, Solar transition region, Inverse problems, Sounding rocket, Sun},
   school = {Montana State University},
     year = 2011,
   adsurl = {http://adsabs.harvard.edu/abs/2011PhDT.........3F},
  adsnote = {Provided by the SAO/NASA Astrophysics Data System}
}




@ARTICLE{Dere1994,
   author = {{Dere}, K.~P.},
    title = "{Explosive events, magnetic reconnection, and coronal heating}",
  journal = {Advances in Space Research},
 keywords = {Plasma Heating, Solar Atmosphere, Solar Corona, Solar Flares, Solar Spectra, Magnetic Flux, Plasma Diagnostics, Satellite Observation, Solar Magnetic Field, Solar Wind, Spaceborne Astronomy},
     year = 1994,
    month = apr,
   volume = 14,
      doi = {10.1016/0273-1177(94)90154-6},
   adsurl = {http://adsabs.harvard.edu/abs/1994AdSpR..14...13D},
  adsnote = {Provided by the SAO/NASA Astrophysics Data System}
  }

@ARTICLE{Innes1997,
   author = {{Innes}, D.~E. and {Inhester}, B. and {Axford}, W.~I. and {Wilhelm}, K.
	},
    title = "{Bi-directional plasma jets produced by magnetic reconnection on the Sun}",
  journal = {\nat},
     year = 1997,
    month = apr,
   volume = 386,
    pages = {811-813},
      doi = {10.1038/386811a0},
   adsurl = {http://adsabs.harvard.edu/abs/1997Natur.386..811I},
  adsnote = {Provided by the SAO/NASA Astrophysics Data System}
}

@ARTICLE{Fox2010,
   author = {{Fox}, J.~L. and {Kankelborg}, C.~C. and {Thomas}, R.~J.},
    title = "{A Transition Region Explosive Event Observed in He II with the MOSES Sounding Rocket}",
  journal = {\apj},
 keywords = {instrumentation: spectrographs, space vehicles: instruments, Sun: transition region, Sun: UV radiation, techniques: imaging spectroscopy},
     year = 2010,
    month = aug,
   volume = 719,
    pages = {1132-1143},
      doi = {10.1088/0004-637X/719/2/1132},
   adsurl = {http://adsabs.harvard.edu/abs/2010ApJ...719.1132F},
  adsnote = {Provided by the SAO/NASA Astrophysics Data System}
}

@PHDTHESIS{Rust2017,
   author = {{Rust}, T.~L.},
    title = "{Explosive Events in the Quiet Sun: Extreme Ultraviolet Imaging Spectroscopy Instrumentation and Observations}",
   school = {Montana State University},
     year = 2017,
   adsurl = {http://adsabs.harvard.edu/abs/2017PhDT........71R},
  adsnote = {Provided by the SAO/NASA Astrophysics Data System}
}



@ARTICLE{Takasao2016,
   author = {{Takasao}, S. and {Asai}, A. and {Isobe}, H. and {Shibata}, K.
	},
    title = "{Observational Evidence of Particle Acceleration Associated with Plasmoid Motions}",
  journal = {\apj},
archivePrefix = "arXiv",
   eprint = {1611.00108},
 primaryClass = "astro-ph.SR",
 keywords = {magnetic reconnection, Sun: corona, Sun: flares, Sun: magnetic fields, Sun: radio radiation, Sun: UV radiation },
     year = 2016,
    month = sep,
   volume = 828,
      eid = {103},
    pages = {103},
      doi = {10.3847/0004-637X/828/2/103},
   adsurl = {http://adsabs.harvard.edu/abs/2016ApJ...828..103T},
  adsnote = {Provided by the SAO/NASA Astrophysics Data System}
}

@article{Takasao2012,
  author={Shinsuke Takasao and Ayumi Asai and Hiroaki Isobe and Kazunari Shibata},
  title={Simultaneous Observation of Reconnection Inflow and Outflow Associated with the 2010 August 18 Solar Flare},
  journal={The Astrophysical Journal Letters},
  volume={745},
  number={1},
  pages={L6},
  url={http://stacks.iop.org/2041-8205/745/i=1/a=L6},
  year={2012},
  abstract={We report the simultaneous extreme-ultraviolet observation of magnetic reconnection inflow and outflow in a flare on 2010 August 18 observed by the Atmospheric Imaging Assembly on board the Solar Dynamics Observatory . We found that during the rise phase of the flare, some plasma blobs appeared in the sheet structure above the hot loops. The plasma blobs were ejected bidirectionally along the sheet structure (outflow), at the same time as the threads visible in extreme-ultraviolet images moved toward the sheet structure (inflow). The upward and downward ejection velocities are 220-460 km s –1 and 250-280 km s –1 , respectively. The inflow speed changed from 90 km s –1 to 12 km s –1 in 5 minutes. By using these velocities, we estimated the nondimensional reconnection rate, which we found to vary during this period from 0.20 to 0.055. We also found that the plasma blobs in the sheet structure collided or merged with each other before they were ejected from the sheet structure. We hypothesize that the sheet structure is the current sheet and that these plasma blobs are plasmoids or magnetic islands, which could be important for understanding the dynamics of the reconnection region.}
}
	

@ARTICLE{Zhang2016,
   author = {{Zhang}, Q.~M. and {Ji}, H.~S. and {Su}, Y.~N.},
    title = "{Observations of Multiple Blobs in Homologous Solar Coronal Jets in Closed Loop}",
  journal = {\solphys},
archivePrefix = "arXiv",
   eprint = {1601.04390},
 primaryClass = "astro-ph.SR",
 keywords = {Flares, microflares and nanoflares, Magnetic reconnection, observational signatures, Jets},
     year = 2016,
    month = mar,
   volume = 291,
    pages = {859-876},
      doi = {10.1007/s11207-016-0878-1},
   adsurl = {http://adsabs.harvard.edu/abs/2016SoPh..291..859Z},
  adsnote = {Provided by the SAO/NASA Astrophysics Data System}
}

@ARTICLE{AIA_Instrument,
   author = {{Lemen}, J.~R. and {Title}, A.~M. and {Akin}, D.~J. and {Boerner}, P.~F. and 
	{Chou}, C. and {Drake}, J.~F. and {Duncan}, D.~W. and {Edwards}, C.~G. and 
	{Friedlaender}, F.~M. and {Heyman}, G.~F. and {Hurlburt}, N.~E. and 
	{Katz}, N.~L. and {Kushner}, G.~D. and {Levay}, M. and {Lindgren}, R.~W. and 
	{Mathur}, D.~P. and {McFeaters}, E.~L. and {Mitchell}, S. and 
	{Rehse}, R.~A. and {Schrijver}, C.~J. and {Springer}, L.~A. and 
	{Stern}, R.~A. and {Tarbell}, T.~D. and {Wuelser}, J.-P. and 
	{Wolfson}, C.~J. and {Yanari}, C. and {Bookbinder}, J.~A. and 
	{Cheimets}, P.~N. and {Caldwell}, D. and {Deluca}, E.~E. and 
	{Gates}, R. and {Golub}, L. and {Park}, S. and {Podgorski}, W.~A. and 
	{Bush}, R.~I. and {Scherrer}, P.~H. and {Gummin}, M.~A. and 
	{Smith}, P. and {Auker}, G. and {Jerram}, P. and {Pool}, P. and 
	{Soufli}, R. and {Windt}, D.~L. and {Beardsley}, S. and {Clapp}, M. and 
	{Lang}, J. and {Waltham}, N.},
    title = "{The Atmospheric Imaging Assembly (AIA) on the Solar Dynamics Observatory (SDO)}",
  journal = {\solphys},
 keywords = {Solar corona, Solar instrumentation, Solar imaging, Extreme ultraviolet},
     year = 2012,
    month = jan,
   volume = 275,
    pages = {17-40},
      doi = {10.1007/s11207-011-9776-8},
   adsurl = {http://adsabs.harvard.edu/abs/2012SoPh..275...17L},
  adsnote = {Provided by the SAO/NASA Astrophysics Data System}
  }

@ARTICLE{Brannon2015,
   author = {{Brannon}, S.~R. and {Longcope}, D.~W. and {Qiu}, J.},
    title = {Spectroscopic Observations of an Evolving Flare Ribbon 
            Substructure Suggesting Origin in Current Sheet Waves},
  journal = apj,
     year = 2015,
   volume = 810,
      eid = {4},
    pages = {4},
      doi = {10.1088/0004-637X/810/1/4}
}

@article{Furth1963,
   author    = {Furth, H. P. and Killeen, J. and Rosenbluth, M. N.},
   title     = {Finite-resistivity instabilities of a sheet pinch},
   journal   = pf,
   year      = {1963},
   volume    = {6},
   number    = {4},
   pages     = {459-484},
   annote    = {No copy}
}

@ARTICLE{Innes2015,
   author = {{Innes}, D.~E. and {Guo}, L.-J. and {Huang}, Y.-M. 
	and {Bhattacharjee}, A.},
    title = {IRIS Si IV Line Profiles: An Indication for the Plasmoid 
	Instability during Small-scale Magnetic Reconnection on the Sun},
  journal = apj,
   eprint = {1509.08837},
     year = 2015,
   volume = 813,
      eid = {86},
    pages = {86},
      doi = {10.1088/0004-637X/813/2/86}
      }

@ARTICLE{IRIS,
   author = {{De Pontieu}, B. and {Title}, A.~M. and {Lemen}, J.~R. and {Kushner}, G.~D. and 
	{Akin}, D.~J. and {Allard}, B. and {Berger}, T. and {Boerner}, P. and 
	{Cheung}, M. and {Chou}, C. and {Drake}, J.~F. and {Duncan}, D.~W. and 
	{Freeland}, S. and {Heyman}, G.~F. and {Hoffman}, C. and {Hurlburt}, N.~E. and 
	{Lindgren}, R.~W. and {Mathur}, D. and {Rehse}, R. and {Sabolish}, D. and 
	{Seguin}, R. and {Schrijver}, C.~J. and {Tarbell}, T.~D. and 
	{W{\"u}lser}, J.-P. and {Wolfson}, C.~J. and {Yanari}, C. and 
	{Mudge}, J. and {Nguyen-Phuc}, N. and {Timmons}, R. and {van Bezooijen}, R. and 
	{Weingrod}, I. and {Brookner}, R. and {Butcher}, G. and {Dougherty}, B. and 
	{Eder}, J. and {Knagenhjelm}, V. and {Larsen}, S. and {Mansir}, D. and 
	{Phan}, L. and {Boyle}, P. and {Cheimets}, P.~N. and {DeLuca}, E.~E. and 
	{Golub}, L. and {Gates}, R. and {Hertz}, E. and {McKillop}, S. and 
	{Park}, S. and {Perry}, T. and {Podgorski}, W.~A. and {Reeves}, K. and 
	{Saar}, S. and {Testa}, P. and {Tian}, H. and {Weber}, M. and 
	{Dunn}, C. and {Eccles}, S. and {Jaeggli}, S.~A. and {Kankelborg}, C.~C. and 
	{Mashburn}, K. and {Pust}, N. and {Springer}, L. and {Carvalho}, R. and 
	{Kleint}, L. and {Marmie}, J. and {Mazmanian}, E. and {Pereira}, T.~M.~D. and 
	{Sawyer}, S. and {Strong}, J. and {Worden}, S.~P. and {Carlsson}, M. and 
	{Hansteen}, V.~H. and {Leenaarts}, J. and {Wiesmann}, M. and 
	{Aloise}, J. and {Chu}, K.-C. and {Bush}, R.~I. and {Scherrer}, P.~H. and 
	{Brekke}, P. and {Martinez-Sykora}, J. and {Lites}, B.~W. and 
	{McIntosh}, S.~W. and {Uitenbroek}, H. and {Okamoto}, T.~J. and 
	{Gummin}, M.~A. and {Auker}, G. and {Jerram}, P. and {Pool}, P. and 
	{Waltham}, N.},
    title = "{The Interface Region Imaging Spectrograph (IRIS)}",
  journal = {\solphys},
archivePrefix = "arXiv",
   eprint = {1401.2491},
 primaryClass = "astro-ph.SR",
 keywords = {Heating, chromospheric, Heating, coronal, Chromosphere, models, Chromosphere, active, Corona, active, Magnetic fields, chromosphere, Instrumentation and data management, Spectrum, ultraviolet},
     year = 2014,
    month = jul,
   volume = 289,
    pages = {2733-2779},
      doi = {10.1007/s11207-014-0485-y},
   adsurl = {http://adsabs.harvard.edu/abs/2014SoPh..289.2733D},
  adsnote = {Provided by the SAO/NASA Astrophysics Data System}
}
doi = {10.1007/s11207-014-0485-y}
}


\@INPROCEEDINGS{Rust2016,
   author = {{Rust}, T. and {Kankelborg}, C.~C.},
    title = "{Transition Region Explosive Events in He II 304{\AA}: Observation and Analysis}",
booktitle = {AAS/Solar Physics Division Meeting},
     year = 2016,
   series = {AAS/Solar Physics Division Meeting},
   volume = 47,
    month = may,
      eid = {101.01},
    pages = {101.01},
   adsurl = {http://adsabs.harvard.edu/abs/2016SPD....4710101R},
  adsnote = {Provided by the SAO/NASA Astrophysics Data System}
}

@ARTICLE{Huang2017,
   author = {{Huang}, Z. and {Madjarska}, M.~S. and {Scullion}, E.~M. and 
	{Xia}, L.-D. and {Doyle}, J.~G. and {Ray}, T.},
    title = "{Explosive events in active region observed by IRIS and SST/CRISP}",
  journal = {\mnras},
archivePrefix = "arXiv",
   eprint = {1609.07698},
 primaryClass = "astro-ph.SR",
 keywords = {methods: observational, techniques: spectroscopic, Sun: activity, Sun: chromosphere, Sun: transition region},
     year = 2017,
    month = jan,
   volume = 464,
    pages = {1753-1761},
      doi = {10.1093/mnras/stw2469},
   adsurl = {http://adsabs.harvard.edu/abs/2017MNRAS.464.1753H},
  adsnote = {Provided by the SAO/NASA Astrophysics Data System}
}

@ARTICLE{Gupta2015,
   author = {{Gupta}, G.~R. and {Tripathi}, D.},
    title = "{IRIS and SDO Observations of Recurrent Explosive Events}",
  journal = {\apj},
archivePrefix = "arXiv",
   eprint = {1506.05327},
 primaryClass = "astro-ph.SR",
 keywords = {line: profiles, magnetic fields, Sun: atmosphere, Sun: chromosphere, Sun: transition region, Sun: UV radiation},
     year = 2015,
    month = aug,
   volume = 809,
      eid = {82},
    pages = {82},
      doi = {10.1088/0004-637X/809/1/82},
   adsurl = {http://adsabs.harvard.edu/abs/2015ApJ...809...82G},
  adsnote = {Provided by the SAO/NASA Astrophysics Data System}
}

@ARTICLE{Petschek1964,
   author = {{Petschek}, H.~E.},
    title = "{Magnetic Field Annihilation}",
  journal = {NASA Special Publication},
     year = 1964,
   volume = 50,
    pages = {425},
   adsurl = {http://adsabs.harvard.edu/abs/1964NASSP..50..425P},
  adsnote = {Provided by the SAO/NASA Astrophysics Data System}
}

@INPROCEEDINGS{MOSES,
   author = {{Kankelborg}, C.~C. and {Thomas}, R.~J.},
    title = "{Simultaneous imaging and spectroscopy of the solar atmosphere: advantages and challenges of a 3-order slitless spectrograph}",
booktitle = {UV/EUV and Visible Space Instrumentation for Astronomy and Solar Physics},
     year = 2001,
   series = {\procspie},
   volume = 4498,
   editor = {{Siegmund}, O.~H. and {Fineschi}, S. and {Gummin}, M.~A.},
    month = dec,
    pages = {16-26},
      doi = {10.1117/12.450074},
   adsurl = {http://adsabs.harvard.edu/abs/2001SPIE.4498...16K},
  adsnote = {Provided by the SAO/NASA Astrophysics Data System}
}

% Citations related to Ellerman Bombs

@ARTICLE{Ellerman1917,
   author = {{Ellerman}, F.},
    title = "{Solar Hydrogen ``bombs''}",
  journal = {\apj},
     year = 1917,
    month = nov,
   volume = 46,
    pages = {298},
      doi = {10.1086/142366},
   adsurl = {http://adsabs.harvard.edu/abs/1917ApJ....46..298E},
  adsnote = {Provided by the SAO/NASA Astrophysics Data System}
}

@ARTICLE{Nelson2017,
   author = {{Nelson}, C.~J. and {Freij}, N. and {Reid}, A. and {Oliver}, R. and 
	{Mathioudakis}, M. and {Erd{\'e}lyi}, R.},
    title = "{IRIS Burst Spectra Co-spatial to a Quiet-Sun Ellerman-like Brightening}",
  journal = {\apj},
archivePrefix = "arXiv",
   eprint = {1707.05080},
 primaryClass = "astro-ph.SR",
 keywords = {Sun: atmosphere, Sun: chromosphere, Sun: magnetic fields, Sun: photosphere},
     year = 2017,
    month = aug,
   volume = 845,
      eid = {16},
    pages = {16},
      doi = {10.3847/1538-4357/aa7e7a},
   adsurl = {http://adsabs.harvard.edu/abs/2017ApJ...845...16N},
  adsnote = {Provided by the SAO/NASA Astrophysics Data System}
}

@ARTICLE{Watanabe2011,
   author = {{Watanabe}, H. and {Vissers}, G. and {Kitai}, R. and {Rouppe van der Voort}, L. and 
	{Rutten}, R.~J.},
    title = "{Ellerman Bombs at High Resolution. I. Morphological Evidence for Photospheric Reconnection}",
  journal = {\apj},
archivePrefix = "arXiv",
   eprint = {1105.4008},
 primaryClass = "astro-ph.SR",
 keywords = {Sun: activity, Sun: atmosphere, Sun: magnetic topology},
     year = 2011,
    month = jul,
   volume = 736,
      eid = {71},
    pages = {71},
      doi = {10.1088/0004-637X/736/1/71},
   adsurl = {http://adsabs.harvard.edu/abs/2011ApJ...736...71W},
  adsnote = {Provided by the SAO/NASA Astrophysics Data System}
}

@ARTICLE{Vissers2013,
   author = {{Vissers}, G.~J.~M. and {Rouppe van der Voort}, L.~H.~M. and 
	{Rutten}, R.~J.},
    title = "{Ellerman Bombs at High Resolution. II. Triggering, Visibility, and Effect on Upper Atmosphere}",
  journal = {\apj},
archivePrefix = "arXiv",
   eprint = {1307.1547},
 primaryClass = "astro-ph.SR",
 keywords = {Sun: activity, Sun: atmosphere, Sun: magnetic fields },
     year = 2013,
    month = sep,
   volume = 774,
      eid = {32},
    pages = {32},
      doi = {10.1088/0004-637X/774/1/32},
   adsurl = {http://adsabs.harvard.edu/abs/2013ApJ...774...32V},
  adsnote = {Provided by the SAO/NASA Astrophysics Data System}
}

@ARTICLE{Vissers2015,
   author = {{Vissers}, G.~J.~M. and {Rouppe van der Voort}, L.~H.~M. and 
	{Rutten}, R.~J. and {Carlsson}, M. and {De Pontieu}, B.},
    title = "{Ellerman Bombs at High Resolution. III. Simultaneous Observations with IRIS and SST}",
  journal = {\apj},
archivePrefix = "arXiv",
   eprint = {1507.00435},
 primaryClass = "astro-ph.SR",
 keywords = {Sun: activity, Sun: atmosphere, Sun: magnetic fields },
     year = 2015,
    month = oct,
   volume = 812,
      eid = {11},
    pages = {11},
      doi = {10.1088/0004-637X/812/1/11},
   adsurl = {http://adsabs.harvard.edu/abs/2015ApJ...812...11V},
  adsnote = {Provided by the SAO/NASA Astrophysics Data System}
}

%SST adn CHRISP Instrument
@INPROCEEDINGS{SST,
   author = {{Scharmer}, G.~B. and {Bjelksjo}, K. and {Korhonen}, T.~K. and 
	{Lindberg}, B. and {Petterson}, B.},
    title = "{The 1-meter Swedish solar telescope}",
booktitle = {Innovative Telescopes and Instrumentation for Solar Astrophysics},
     year = 2003,
   series = {\procspie},
   volume = 4853,
   editor = {{Keil}, S.~L. and {Avakyan}, S.~V.},
    month = feb,
    pages = {341-350},
      doi = {10.1117/12.460377},
   adsurl = {http://adsabs.harvard.edu/abs/2003SPIE.4853..341S},
  adsnote = {Provided by the SAO/NASA Astrophysics Data System}
}

@article{CHRISP,
  author={G. B. Scharmer and G. Narayan and T. Hillberg and J. de la Cruz Rodriguez and M. G. Löfdahl and D. Kiselman and P.
Sütterlin and M. van Noort and A. Lagg},
  title={CRISP Spectropolarimetric Imaging of Penumbral Fine Structure},
  journal={The Astrophysical Journal Letters},
  volume={689},
  number={1},
  pages={L69},
  url={http://stacks.iop.org/1538-4357/689/i=1/a=L69},
  year={2008},
  abstract={We discuss penumbral fine structure in a small part of a pore, observed with the CRISP imaging spectropolarimeter at the Swedish 1-m Solar Telescope (SST), close to its diffraction limit of 0.16 ''. Milne-Eddington inversions applied to these Stokes data reveal large variations of field strength and inclination angle over dark-cored penumbral intrusions and a dark-cored light bridge. The mid-outer part of this penumbra structure shows ~0.3 '' wide spines, separated by ~1.6 '' (1200 km) and associated with 30° inclination variations. Between these spines, there are no small-scale magnetic structures that easily can be identified with individual flux tubes. A structure with nearly 10° more vertical and weaker magnetic field is seen midway between two spines. This structure is cospatial with the brightest penumbral filament, possibly indicating the location of a convective upflow from below.}
}


%UV Burst/ IRIS BOMB related

@ARTICLE{Mathioudakis1999,
   author = {{Mathioudakis}, M. and {McKenny}, J. and {Keenan}, F.~P. and 
	{Williams}, D.~R. and {Phillips}, K.~J.~H.},
    title = "{The effects of opacity in the transition region of YZ CMi}",
  journal = {\aap},
 keywords = {ATOMIC DATA, STARS: ACTIVITY, STARS: ATMOSPHERES, STARS: INDIVIDUAL: YZ CMI, STARS: LATE-TYPE, ULTRAVIOLET: STARS},
     year = 1999,
    month = nov,
   volume = 351,
    pages = {L23-L26},
   adsurl = {http://adsabs.harvard.edu/abs/1999A%26A...351L..23M},
  adsnote = {Provided by the SAO/NASA Astrophysics Data System}


@ARTICLE{Peter2014,
   author = {{Peter}, H. and {Tian}, H. and {Curdt}, W. and {Schmit}, D. and 
	{Innes}, D. and {De Pontieu}, B. and {Lemen}, J. and {Title}, A. and 
	{Boerner}, P. and {Hurlburt}, N. and {Tarbell}, T.~D. and {Wuelser}, J.~P. and 
	{Mart{\'{\i}}nez-Sykora}, J. and {Kleint}, L. and {Golub}, L. and 
	{McKillop}, S. and {Reeves}, K.~K. and {Saar}, S. and {Testa}, P. and 
	{Kankelborg}, C. and {Jaeggli}, S. and {Carlsson}, M. and {Hansteen}, V.
	},
    title = "{Hot explosions in the cool atmosphere of the Sun}",
  journal = {Science},
archivePrefix = "arXiv",
   eprint = {1410.5842},
 primaryClass = "astro-ph.SR",
     year = 2014,
    month = oct,
   volume = 346,
      eid = {1255726},
    pages = {1255726},
      doi = {10.1126/science.1255726},
   adsurl = {http://adsabs.harvard.edu/abs/2014Sci...346C.315P},
  adsnote = {Provided by the SAO/NASA Astrophysics Data System}
}

@ARTICLE{Yan2015,
   author = {{Yan}, L. and {Peter}, H. and {He}, J. and {Tian}, H. and {Xia}, L. and 
	{Wang}, L. and {Tu}, C. and {Zhang}, L. and {Chen}, F. and {Barczynski}, K.
	},
    title = "{Self-Absorption in the Solar Transition Region}",
  journal = {\apj},
archivePrefix = "arXiv",
   eprint = {1501.05706},
 primaryClass = "astro-ph.SR",
 keywords = {Sun: chromosphere, Sun: transition region, Sun: UV radiation, techniques: spectroscopic },
     year = 2015,
    month = sep,
   volume = 811,
      eid = {48},
    pages = {48},
      doi = {10.1088/0004-637X/811/1/48},
   adsurl = {http://adsabs.harvard.edu/abs/2015ApJ...811...48Y},
  adsnote = {Provided by the SAO/NASA Astrophysics Data System}
}



@ARTICLE{Rouppe2017,
   author = {{Rouppe van der Voort}, L. and {De Pontieu}, B. and {Scharmer}, G.~B. and 
	{de la Cruz Rodr{\'{\i}}guez}, J. and {Mart{\'{\i}}nez-Sykora}, J. and 
	{N{\'o}brega-Siverio}, D. and {Guo}, L.~J. and {Jafarzadeh}, S. and 
	{Pereira}, T.~M.~D. and {Hansteen}, V.~H. and {Carlsson}, M. and 
	{Vissers}, G.},
    title = "{Intermittent Reconnection and Plasmoids in UV Bursts in the Low Solar Atmosphere}",
  journal = {\apjl},
archivePrefix = "arXiv",
   eprint = {1711.04581},
 primaryClass = "astro-ph.SR",
 keywords = {magnetic reconnection, Sun: activity, Sun: chromosphere, Sun: magnetic fields, Sun: transition region},
     year = 2017,
    month = dec,
   volume = 851,
      eid = {L6},
    pages = {L6},
      doi = {10.3847/2041-8213/aa99dd},
   adsurl = {http://adsabs.harvard.edu/abs/2017ApJ...851L...6R},
  adsnote = {Provided by the SAO/NASA Astrophysics Data System}
}

%Previous Work

@INPROCEEDINGS{Bartz2018,
   author = {{Bartz}, A.},
    title = "{Transition-Region Ultraviolet Explosive Events in IRIS Si IV: A Statistical Analysis}",
booktitle = {American Astronomical Society Meeting Abstracts \#231},
     year = 2018,
   series = {American Astronomical Society Meeting Abstracts},
   volume = 231,
    month = jan,
      eid = {338.07},
    pages = {338.07},
   adsurl = {http://adsabs.harvard.edu/abs/2018AAS...23133807B},
  adsnote = {Provided by the SAO/NASA Astrophysics Data System}
}



